% Encoding: UTF-8

@Article{Szegedy,
  author  = {Szegedy, C and Ioffe, S and Vanhoucke, V},
  title   = {Inception-v4, inception-resnet and the impact of residual connections on learning (2016). arXiv preprint},
  journal = {arXiv preprint arXiv:1602.07261},
}

@InProceedings{Krizhevsky2012b,
  author    = {Krizhevsky, Alex and Sutskever, Ilya and Hinton, Geoffrey E},
  title     = {Imagenet classification with deep convolutional neural networks},
  booktitle = {Advances in neural information processing systems},
  year      = {2012},
  pages     = {1097--1105},
}

@InProceedings{Ciresan2011,
  author       = {Ciresan, Dan Claudiu and Meier, Ueli and Gambardella, Luca Maria and Schmidhuber, Jurgen},
  title        = {Convolutional neural network committees for handwritten character classification},
  booktitle    = {Document Analysis and Recognition (ICDAR), 2011 International Conference on},
  year         = {2011},
  pages        = {1135--1139},
  organization = {IEEE},
}

@Article{Zeiler2013,
  author        = {Zeiler, Matthew D and Fergus, Rob},
  title         = {Stochastic pooling for regularization of deep convolutional neural networks},
  journal       = {arXiv preprint arXiv:1301.3557},
  year          = {2013},
  __markedentry = {[gy12:]},
}

@Article{Srivastava2014,
  author        = {Srivastava, Nitish and Hinton, Geoffrey E and Krizhevsky, Alex and Sutskever, Ilya and Salakhutdinov, Ruslan},
  title         = {Dropout: a simple way to prevent neural networks from overfitting.},
  journal       = {Journal of Machine Learning Research},
  year          = {2014},
  volume        = {15},
  number        = {1},
  pages         = {1929--1958},
  __markedentry = {[gy12:6]},
}

@Comment{jabref-meta: databaseType:bibtex;}
